@article{amodei2016concrete,
  title={Concrete problems in AI safety},
  author={Amodei, Dario and Olah, Chris and Steinhardt, Jacob and Christiano, Paul and Schulman, John and Man{\'e}, Dan},
  journal={arXiv preprint arXiv:1606.06565},
  year={2016}
}

@article{chen2011strategic,
  title={Strategic ambiguity in electoral competition},
  author={Chen, Ying},
  journal={Journal of Theoretical Politics},
  volume={23},
  number={2},
  pages={183--203},
  year={2011},
  publisher={Sage Publications Sage UK: London, England}
}

@article{crawford1982strategic,
  title={Strategic information transmission},
  author={Crawford, Vincent P and Sobel, Joel},
  journal={Econometrica},
  pages={1431--1451},
  year={1982},
  publisher={JSTOR}
}

@article{eccles2019learning,
  title={Learning reciprocity in complex sequential social dilemmas},
  author={Eccles, Tom and Hughes, Edward and Kram{\'a}r, J{\'a}nos and Wheelwright, Steven and Leibo, Joel Z},
  journal={arXiv preprint arXiv:1903.08082},
  year={2019}
}

@article{ettinger2010theory,
  title={A theory of deception},
  author={Ettinger, David and Jehiel, Philippe},
  journal={American Economic Journal: Microeconomics},
  volume={2},
  number={1},
  pages={1--20},
  year={2010}
}

@inproceedings{foerster2016learning,
  title={Learning to communicate with deep multi-agent reinforcement learning},
  author={Foerster, Jakob and Assael, Yannis M and de Freitas, Nando and Whiteson, Shimon},
  booktitle={Advances in neural information processing systems},
  pages={2137--2145},
  year={2016}
}

@article{gneezy2005deception,
  title={Deception: The role of consequences},
  author={Gneezy, Uri},
  journal={American Economic Review},
  volume={95},
  number={1},
  pages={384--394},
  year={2005}
}

@article{goodfellow2014explaining,
  title={Explaining and harnessing adversarial examples},
  author={Goodfellow, Ian J and Shlens, Jonathon and Szegedy, Christian},
  journal={arXiv preprint arXiv:1412.6572},
  year={2014}
}

@inproceedings{hadfield2017off,
  title={The off-switch game},
  author={Hadfield-Menell, Dylan and Russell, Stuart and Abbeel, Pieter and Dragan, Anca},
  booktitle={Proceedings of the International Joint Conference on Artificial Intelligence (IJCAI)},
  year={2017}
}

@article{hendrycks2021unsolved,
  title={Unsolved problems in ML safety},
  author={Hendrycks, Dan and Carlini, Nicholas and Schulman, John and Steinhardt, Jacob},
  journal={arXiv preprint arXiv:2109.13916},
  year={2021}
}

@book{holland1998emergence,
  title={Emergence: From chaos to order},
  author={Holland, John H},
  year={1998},
  publisher={Oxford University Press}
}

@article{hubinger2019risks,
  title={Risks from learned optimization in advanced machine learning systems},
  author={Hubinger, Evan and van Merwijk, Chris and Mikulik, Vladimir and Skalse, Joar and Garrabrant, Scott},
  journal={arXiv preprint arXiv:1906.01820},
  year={2019}
}

@article{irving2018ai,
  title={AI safety via debate},
  author={Irving, Geoffrey and Christiano, Paul and Amodei, Dario},
  journal={arXiv preprint arXiv:1805.00899},
  year={2018}
}

@article{kenton2021alignment,
  title={Alignment of language agents},
  author={Kenton, Zachary and Everitt, Tom and Weidinger, Laura and Gabriel, Iason and Mikulik, Vladimir and Irving, Geoffrey},
  journal={arXiv preprint arXiv:2103.14659},
  year={2021}
}

@inproceedings{leibo2017multi,
  title={Multi-agent reinforcement learning in sequential social dilemmas},
  author={Leibo, Joel Z and Zambaldi, Vinicius and Lanctot, Marc and Marecki, Janusz and Graepel, Thore},
  booktitle={Proceedings of the 16th Conference on Autonomous Agents and MultiAgent Systems},
  pages={464--473},
  year={2017}
}

@book{ostrom1990governing,
  title={Governing the Commons: The Evolution of Institutions for Collective Action},
  author={Ostrom, Elinor},
  year={1990},
  publisher={Cambridge University Press}
}

@article{park2023diminished,
  title={Diminished diversity-of-thought in a standard large language model},
  author={Park, Peter S and Schoenegger, Philipp and Zhu, Chongyang},
  journal={arXiv preprint arXiv:2302.07267},
  year={2023}
}

@inproceedings{peysakhovich2018prosocial,
  title={Prosocial learning agents solve generalized stag hunts better than selfish ones},
  author={Peysakhovich, Alexander and Lerer, Adam},
  booktitle={Proceedings of the 17th International Conference on Autonomous Agents and MultiAgent Systems},
  pages={2043--2044},
  year={2018}
}

@article{sutter2009deception,
  title={Deception through telling the truth?! Experimental evidence from individuals and teams},
  author={Sutter, Matthias},
  journal={The Economic Journal},
  volume={119},
  number={534},
  pages={47--60},
  year={2009},
  publisher={Wiley Online Library}
}

@book{vincent2013evolutionary,
  title={Evolutionary game theory, natural selection, and Darwinian dynamics},
  author={Vincent, Thomas L and Brown, Joel S},
  year={2013},
  publisher={Cambridge University Press}
}